<?xml version="1.0" encoding="UTF-8"?><record xmlns="http://www.loc.gov/MARC21/slim" xmlns:cinclude="http://apache.org/cocoon/include/1.0" xmlns:zs="http://www.loc.gov/zing/srw/">
  <leader>00424nz  a2200121n  4500</leader>
  <controlfield tag="001">n  94800624 </controlfield>
  <controlfield tag="003">DLC</controlfield>
  <controlfield tag="005">19940510100624.0</controlfield>
  <controlfield tag="008">940510n| acannaab|          |n aaa ||| b</controlfield>
  <datafield tag="010" ind1=" " ind2=" ">
    <subfield code="a">n  94800624 </subfield>
  </datafield>
  <datafield tag="040" ind1=" " ind2=" ">
    <subfield code="a">DNLM</subfield>
    <subfield code="c">DLC</subfield>
  </datafield>
  <datafield tag="100" ind1="1" ind2="0">
    <subfield code="a">Pollock, Linda C.</subfield>
  </datafield>
  <datafield tag="670" ind1=" " ind2=" ">
    <subfield code="a">Community psychiatric nursing, 1989:</subfield>
    <subfield code="b">t.p. (Linda C. Pollock, BSc, PhD, RGN, Dist Nurs Cert, Dip Nurs (Edin), RMN) cover p. 4 (sen. nurse manager, Royal Edinburgh Hosp.)</subfield>
  </datafield>
</record>